<?xml version="1.0" encoding="UTF-8"?><collection xmlns="http://www.loc.gov/MARC21/slim"><record><leader>00497nam--2200169-i-4500</leader><controlfield tag="001">000032385</controlfield><controlfield tag="002">20161230</controlfield><controlfield tag="005">20161230201039</controlfield><controlfield tag="008">060222s1000------------r-----000-0-eng-d</controlfield><datafield ind1=" " ind2=" " tag="040"><subfield code="a">IFIN-HH</subfield></datafield><datafield ind1=" " ind2=" " tag="080"><subfield code="a">534</subfield></datafield><datafield ind1="1" ind2=" " tag="100"><subfield code="a">Minorsky, N</subfield></datafield><datafield ind1="1" ind2="0" tag="245"><subfield code="a">Inntroduction to non-linear mechanics. topological methods-analytical methods. nonlinear resonance. relaxation oscillations</subfield></datafield><datafield ind1=" " ind2=" " tag="260"><subfield code="a">Ann Arbor, I.W.Edwards, 1947</subfield></datafield><datafield ind1=" " ind2=" " tag="300"><subfield code="a">XIV + 464P</subfield></datafield><datafield ind1=" " ind2=" " tag="852"><subfield code="a">2081</subfield><subfield code="c">531</subfield></datafield><datafield ind1=" " ind2=" " tag="CAT"><subfield code="a">Sys</subfield><subfield code="c">20100512</subfield><subfield code="h">090750</subfield></datafield></record></collection>